<?xml version = "1.0" encoding = "UTF-8"?><OAI-PMH xmlns="http://www.openarchives.org/OAI/2.0/" xmlns:xsi="http://www.w3.org/2001/XMLSchema-instance" xsi:schemaLocation="http://www.openarchives.org/OAI/2.0/ http://www.openarchives.org/OAI/2.0/OAI-PMH.xsd"><ListRecords><record><header><identifier>aleph-publish:022002754</identifier></header><metadata><record xmlns="http://www.ddb.de/professionell/mabxml/mabxml-1.xsd"><leader>------M2.01200024------u</leader><controlfield tag="LDR">------M2.01200024------u</controlfield><controlfield tag="FMT">MU</controlfield><datafield tag="001" ind1="-" ind2="1"><subfield code="a">HT019496555</subfield></datafield><datafield tag="001" ind1="-" ind2="2"><subfield code="a">HT019496537</subfield></datafield><datafield tag="002" ind1="a" ind2="1"><subfield code="a">20171107</subfield></datafield><datafield tag="002" ind1="a" ind2="2"><subfield code="a">20171107</subfield></datafield><datafield tag="010" ind1="-" ind2="1"><subfield code="a">HT019496537</subfield></datafield><datafield tag="020" ind1="b" ind2="2"><subfield code="a">BV004811969</subfield></datafield><datafield tag="025" ind1="o" ind2="1"><subfield code="a">1073819734</subfield></datafield><datafield tag="025" ind1="o" ind2="2"><subfield code="a">1073749429</subfield></datafield><datafield tag="026" ind1="-" ind2="1"><subfield code="a">HBZHT019496555</subfield></datafield><datafield tag="026" ind1="g" ind2="2"><subfield code="a">048119695</subfield></datafield><datafield tag="026" ind1="-" ind2="2"><subfield code="a">HBZHT019496537</subfield></datafield><controlfield tag="030">a|zur||||||||</controlfield><datafield tag="036" ind1="a" ind2="2"><subfield code="a">IN</subfield></datafield><datafield tag="037" ind1="b" ind2="1"><subfield code="a">hin</subfield></datafield><datafield tag="037" ind1="b" ind2="2"><subfield code="a">hin</subfield></datafield><controlfield tag="050">a|||||||||||||</controlfield><datafield tag="060" ind1="-" ind2="1"><subfield code="b">txt</subfield><subfield code="a">Text</subfield></datafield><datafield tag="060" ind1="-" ind2="2"><subfield code="b">txt</subfield><subfield code="a">Text</subfield></datafield><datafield tag="061" ind1="-" ind2="1"><subfield code="b">n</subfield><subfield code="a">ohne Hilfsmittel zu benutzen</subfield></datafield><datafield tag="061" ind1="-" ind2="2"><subfield code="b">n</subfield><subfield code="a">ohne Hilfsmittel zu benutzen</subfield></datafield><datafield tag="062" ind1="-" ind2="1"><subfield code="b">nc</subfield><subfield code="a">Band</subfield></datafield><datafield tag="062" ind1="-" ind2="2"><subfield code="b">nc</subfield><subfield code="a">Band</subfield></datafield><datafield tag="064" ind1="a" ind2="1"><subfield code="a">Konkordanz</subfield><subfield code="9">(DE-588)4165001-3</subfield></datafield><datafield tag="064" ind1="a" ind2="2"><subfield code="a">Konkordanz</subfield><subfield code="9">(DE-588)4165001-3</subfield></datafield><datafield tag="070" ind1="-" ind2="1"><subfield code="a">5/141</subfield></datafield><datafield tag="070" ind1="-" ind2="2"><subfield code="a">5/141</subfield></datafield><datafield tag="080" ind1="-" ind2="1"><subfield code="a">50</subfield></datafield><datafield tag="080" ind1="-" ind2="2"><subfield code="a">60</subfield></datafield><controlfield tag="089">Pahala khaṇḍa</controlfield><datafield tag="090" ind1="-" ind2="1"><subfield code="a">1</subfield></datafield><datafield tag="100" ind1="b" ind2="2"><subfield code="p">Siṃha, Vijayapāla</subfield><subfield code="d">1923-</subfield><subfield code="4">edt</subfield><subfield code="3">Herausgeber</subfield><subfield code="9">(DE-588)1073651207</subfield></datafield><datafield tag="101" ind1="-" ind2="2"><subfield code="p">Singh, Vijaypal</subfield><subfield code="d">1923-</subfield></datafield><datafield tag="101" ind1="-" ind2="2"><subfield code="p">Vijayapālasiṃha</subfield><subfield code="d">1923-</subfield></datafield><datafield tag="101" ind1="-" ind2="2"><subfield code="p">Siṃha, Vijaya Pāla</subfield><subfield code="d">1923-</subfield></datafield><datafield tag="101" ind1="-" ind2="2"><subfield code="p">Singh, Vijay Pal</subfield><subfield code="d">1923-</subfield></datafield><datafield tag="101" ind1="-" ind2="2"><subfield code="U">Deva</subfield><subfield code="p">विजयपालसिंह</subfield><subfield code="d">1923-</subfield></datafield><datafield tag="101" ind1="-" ind2="2"><subfield code="U">Deva</subfield><subfield code="p">सिंह, विजय पाल</subfield><subfield code="d">1923-</subfield></datafield><datafield tag="104" ind1="b" ind2="2"><subfield code="p">Kesávadāsa</subfield><subfield code="d">1555-1617</subfield><subfield code="4">oth</subfield><subfield code="3">Sonstige</subfield><subfield code="9">(DE-588)118988042</subfield></datafield><datafield tag="105" ind1="-" ind2="2"><subfield code="p">Keṣava Dāsa</subfield><subfield code="d">1555-1617</subfield></datafield><datafield tag="105" ind1="-" ind2="2"><subfield code="p">Keshav Das</subfield><subfield code="d">1555-1617</subfield></datafield><datafield tag="105" ind1="-" ind2="2"><subfield code="p">Keshavdâs Sanâdhya Mishra</subfield><subfield code="d">1555-1617</subfield></datafield><datafield tag="105" ind1="-" ind2="2"><subfield code="p">Kěsavadāsamišra</subfield><subfield code="d">1555-1617</subfield></datafield><datafield tag="105" ind1="-" ind2="2"><subfield code="p">Keshavadāsa</subfield><subfield code="d">1555-1617</subfield></datafield><datafield tag="105" ind1="-" ind2="2"><subfield code="p">Keshavdâs</subfield><subfield code="d">1555-1617</subfield></datafield><datafield tag="105" ind1="-" ind2="2"><subfield code="p">Keshavdas</subfield><subfield code="d">1555-1617</subfield></datafield><datafield tag="331" ind1="-" ind2="2"><subfield code="a">Keśava kośa</subfield></datafield><datafield tag="359" ind1="-" ind2="2"><subfield code="a">Saṃpādaka ḍā. Vijayapāla Siṃha, ema.e. (Hindī), ema.e. (Saṃskṛta), pī.eca.ḍī, ḍī.liṭ. (ācārya evaṃ adhyakṣa, Hindī vibhāga, Kāśī Hindū Viśvavidyālaya, Vārāṇasī)</subfield></datafield><datafield tag="377" ind1="-" ind2="2"><subfield code="a">Wörterbuch zu Kesáva[dāsa]</subfield><subfield code="y">ger</subfield></datafield><datafield tag="403" ind1="-" ind2="1"><subfield code="a">Prathama saṃskaraṇa</subfield></datafield><datafield tag="419" ind1="-" ind2="1"><subfield code="c">saṃ. 2033 vi.</subfield></datafield><datafield tag="419" ind1="-" ind2="2"><subfield code="a">Vārāṇasī</subfield><subfield code="b">Nāgarīpracāriṇī Sabhā</subfield><subfield code="c">saṃ. 2033 vi.-</subfield></datafield><datafield tag="425" ind1="b" ind2="2"><subfield code="a">1976</subfield></datafield><datafield tag="425" ind1="a" ind2="1"><subfield code="a">1976</subfield></datafield><datafield tag="433" ind1="-" ind2="1"><subfield code="a">9, 409 Seiten</subfield></datafield><datafield tag="451" ind1="-" ind2="2"><subfield code="a">Nāgarīpracariṇī granthamālā ; 86</subfield></datafield><datafield tag="453" ind1="-" ind2="2"><subfield code="a">HT017028069</subfield></datafield><datafield tag="455" ind1="-" ind2="2"><subfield code="a">86</subfield></datafield><datafield tag="456" ind1="-" ind2="2"><subfield code="a">86</subfield></datafield><datafield tag="501" ind1="-" ind2="1"><subfield code="a">Erscheinungsjahr nach der indischen Vikrama-Ära (saṃ. 2033=1976 n.Chr.)</subfield></datafield><datafield tag="501" ind1="-" ind2="2"><subfield code="a">Erscheinungsjahr nach der indischen Vikrama-Ära</subfield></datafield><datafield tag="516" ind1="b" ind2="2"><subfield code="a">In Devanagari-Schrift</subfield></datafield><datafield tag="700" ind1="b" ind2="2"><subfield code="a">491.43703</subfield><subfield code="c">22</subfield></datafield><datafield tag="902" ind1="-" ind2="2"><subfield code="p">Kesávadāsa</subfield><subfield code="d">1555-1617</subfield><subfield code="9">(DE-588)118988042</subfield></datafield><datafield tag="902" ind1="-" ind2="2"><subfield code="s">Konkordanz</subfield><subfield code="9">(DE-588)4165001-3</subfield></datafield><controlfield tag="SYS">022002754</controlfield><datafield tag="LOW" ind1="-" ind2="1"><subfield code="a">Q1026</subfield></datafield><datafield tag="952" ind1="-" ind2="2"><subfield code="p">Keṣava Dāsa</subfield><subfield code="d">1555-1617</subfield></datafield><datafield tag="952" ind1="-" ind2="2"><subfield code="p">Keshav Das</subfield><subfield code="d">1555-1617</subfield></datafield><datafield tag="952" ind1="-" ind2="2"><subfield code="p">Keshavdâs Sanâdhya Mishra</subfield><subfield code="d">1555-1617</subfield></datafield><datafield tag="952" ind1="-" ind2="2"><subfield code="p">Kěsavadāsamišra</subfield><subfield code="d">1555-1617</subfield></datafield><datafield tag="952" ind1="-" ind2="2"><subfield code="p">Keshavadāsa</subfield><subfield code="d">1555-1617</subfield></datafield><datafield tag="952" ind1="-" ind2="2"><subfield code="p">Keshavdâs</subfield><subfield code="d">1555-1617</subfield></datafield><datafield tag="952" ind1="-" ind2="2"><subfield code="p">Keshavdas</subfield><subfield code="d">1555-1617</subfield></datafield><datafield tag="952" ind1="-" ind2="2"><subfield code="s">Personenregister</subfield></datafield><datafield tag="952" ind1="-" ind2="2"><subfield code="s">Sachregister</subfield><subfield code="h">Formschlagwort</subfield></datafield><datafield tag="952" ind1="-" ind2="2"><subfield code="s">Wortindex</subfield></datafield><datafield tag="952" ind1="-" ind2="2"><subfield code="s">Wörterverzeichnis</subfield></datafield><datafield tag="952" ind1="-" ind2="2"><subfield code="s">Werkkonkordanz</subfield></datafield><datafield tag="088" ind1=" " ind2=" "><subfield code="a">5/141</subfield><subfield code="b">00091001</subfield><subfield code="c">491.43703 S589 K42 1976 (1)</subfield><subfield code="e">keine ILL</subfield></datafield></record></metadata></record></ListRecords></OAI-PMH>